@online{BYTE,
   title = {¿Qué es un byte?},
   url = {https://www.jvs-informatica.com/blog/glosario/byte/},
   type = {Página web},
   urldate = {2022-04-28}
}

@online{wikimod,
   title = {Aritmética modular},
   type = {Article},
   url = {https://es.wikipedia.org/wiki/Aritmética_modular},
}

@online{hill,
   author = {Murray Eisenberg},
   title = {Hill Ciphers and Modular Linear Algebra},
   year = {1999},
   type = {Article},
   url = {https://apprendre-en-ligne.net/crypto/hill/Hillciph.pdf},
}

@online{BIT,
   title = {¿Qué es un bit?},
   url = {https://www.jvs-informatica.com/blog/glosario/bit/},
   type = {Página web},
   urldate = {2022-04-28}
}

@online{ARCHIVO,
   title = {Archivo en informática},
   url = {https://concepto.de/archivo-informatico/},
   type = {Página web},
   urldate = {2022-04-28}
}

@Online{RN3,
   title = {Anuario estadístico del estado de Nuevo León},
   url =
{http://www.inafed.gob.mx/work/enciclopedia/EMM19nuevoleon/municipios/19039a
.html},
   type = {Página web},
   urldate = {2021-09-28}
}

@Book{RN1,
   author = {INEGI},
   title = {Anuario estadístico del estado de Nuevo León},
   publisher = {Instituto Nacional de Estadística y Geografía},
   year = {1999},
   type = {Libro},
   note = {Instituto Nacional de Estadística y Geografía}
}

@Book{Poblacion,
    title = {Nuevo Léon: Población Total y por Municipio},
    publisher = {Data Nuevo León},
    year = {2020},
    type = {Publicación},
    note = {Publicado con datos de la INEGI},
    url = {http://datos.nl.gob.mx/n-l-poblacion-total-y-por-municipio/},
    urldate = {2021-11-11}
}


@Online{DatosInegi,
    author = {OCISEVI}, 
    title = {Sistema de Información Georreferenciada de Incidentes de Alto
Impacto},
    publisher = {Observatorio Ciudadano de Seguridad Vial},
    note = {Observatorio Ciudadano de Seguridad Vial con datos del INEGI}, 
    year = {2019},
    urldate = {2021-11-11},
    url = {http://www.ocisevi.org.mx/estadisticas.html},
    institution = {INEGI}
}

@Online{OCISEVI,
    author = {OCISEVI}, 
    title = {Reporte Siniestros Viales Anual: 2019},
    publisher = {Observatorio Ciudadano de Seguridad Vial},
    note = {Observatorio Ciudadano de Seguridad Vial con datos del INEGI}, 
    year = {2019},
    urldate = {2021-11-11},
    url =
{http://www.ocisevi.org.mx/pdfs/reporte_siniestros_viales_anual_2019.pdf},
    institution = {INEGI}
}

@Online{DatosInegiDeVerdad,
    author = {INEGI},
    title = {Accidentes de Tránsito Terrestre en Zonas Urbanas y Suburbanas},
    publisher = {INEGI},
    urldate = {2021-11-11},
    note = {Base de datos libre pública del Instituto Nacional de Estadística y
Geografía (INEGI)},
    url = {https://www.inegi.org.mx/programas/accidentes/}
}

@Book{TEC1,
    author = {María del Pilar Amézaga Alvarado},
    title = {Estudio de caso sobre el impacto en la ejecución del Programa de
Transporte Masivo (PROTRAM) en las grandes ciudades. Caso comparativo del
Sistema Metrobús del Distrito Federal con el Corredor Vial BRT en la Ciudad de
Monterrey)},
    publisher = {Instituto Tecnológico y de estudios superiores de Monterrey},
    year = {2012},
    type = {Publicación}

}

@Online{SCT,
    author = {SCT},
    note = {Secretaría de Comunicaciones y Transportes},
    title = {Datos Viales: Nuevo León},
    url =
{http://www.sct.gob.mx/fileadmin/DireccionesGrales/DGST/Datos-Viales-2013
/Velocidad/19_NUEVO.pdf},
    urldate = {2021-11-11},
    year = {2012},
    type = {Reporte}
}

@Online{MasInegi,
    title = {Transporte de pasajeros: Número de Pasajeros transportados},
    author = {INEGI},
    url = {https://www.inegi.org.mx/temas/transporteurb/},
    urldate = {2021-11-11},
    note = {Instituto Nacional de Estadística y Geografía}
}

@Misc{Perfil,
    title = {Perfil estatal: Nuevo León},
    year = {2015},
    author = {ONL},
    urldate = {2021-11-11},
    url =
{https://www.gob.mx/cms/uploads/attachment/file/242268/Nuevo_Le_n.pdf},
    note = {Observatorio Nacional de Lesiones}
}

@Online{LineasMetro,
    title = {Lineas del Metro: Monterrey},
    url = {https://lineasdelmetro.com.mx/monterrey/},
    urldate = {2021-11-11}
}

@Book{EOC,
    author = {Noam  Nisan and Shimon  Schocken},
    title = {The  Elements  of  Computing  Systems},
    publisher = {The Massachusetts Institute of Technology Press},
    year = {2005},
    type = {Publicación}
}